<marc:collection xmlns:marc="http://www.loc.gov/MARC21/slim" xmlns:xsi="http://www.w3.org/2001/XMLSchema-instance" xsi:schemaLocation="http://www.loc.gov/MARC21/slim http://www.loc.gov/standards/marcxml/schema/MARC21slim.xsd">
    <marc:record type="Bibliographic">
        <marc:leader>01501cem a2200397   4500</marc:leader>
        <marc:controlfield tag="001">6170935</marc:controlfield>
        <marc:controlfield tag="005">20130604081235.0</marc:controlfield>
        <marc:controlfield tag="007">aj canzn</marc:controlfield>
        <marc:controlfield tag="008">061106s1853    njud      a     0   eng d</marc:controlfield>
        <marc:datafield tag="024" ind1="0" ind2=" ">
            <marc:subfield code="a">HM 2013-16</marc:subfield>
        </marc:datafield>
        <marc:datafield tag="035" ind1=" " ind2=" ">
            <marc:subfield code="a">(OCoLC)ocm75203569</marc:subfield>
        </marc:datafield>
        <marc:datafield tag="040" ind1=" " ind2=" ">
            <marc:subfield code="a">NWM</marc:subfield>
            <marc:subfield code="c">NWM</marc:subfield>
            <marc:subfield code="d">NjP</marc:subfield>
        </marc:datafield>
        <marc:datafield tag="034" ind1="1" ind2=" ">
            <marc:subfield code="a">a</marc:subfield>
            <marc:subfield code="b">94040</marc:subfield>
        </marc:datafield>
        <marc:datafield tag="043" ind1=" " ind2=" ">
            <marc:subfield code="a">n-us-nj</marc:subfield>
        </marc:datafield>
        <marc:datafield tag="035" ind1=" " ind2=" ">
            <marc:subfield code="a">(OCoLC)75203569</marc:subfield>
        </marc:datafield>
        <marc:datafield tag="092" ind1=" " ind2=" ">
            <marc:subfield code="a">974.974</marc:subfield>
            <marc:subfield code="b">Mor</marc:subfield>
        </marc:datafield>
        <marc:datafield tag="100" ind1="1" ind2=" ">
            <marc:subfield code="a">Lightfoot, Jesse</marc:subfield>
            <marc:subfield code="c">(Surveyor)</marc:subfield>
        </marc:datafield>
        <marc:datafield tag="245" ind1="1" ind2="0">
            <marc:subfield code="a">Map of Morris County, New Jersey,</marc:subfield>
            <marc:subfield code="b">from original surveys</marc:subfield>
            <marc:subfield code="h">[map],</marc:subfield>
            <marc:subfield code="c">by J. Lightfoot and Sam Geil.</marc:subfield>
        </marc:datafield>
        <marc:datafield tag="246" ind1="3" ind2="0">
            <marc:subfield code="i">Inset title:</marc:subfield>
            <marc:subfield code="a">Plan of Dover</marc:subfield>
        </marc:datafield>
        <marc:datafield tag="255" ind1=" " ind2=" ">
            <marc:subfield code="a">Scale [ca. 1:94,040]. 1 1/2 inch to a mile.</marc:subfield>
        </marc:datafield>
        <marc:datafield tag="260" ind1=" " ind2=" ">
            <marc:subfield code="a">Morristown [N.J.]</marc:subfield>
            <marc:subfield code="b">J.B. Shields,</marc:subfield>
            <marc:subfield code="c">1853.</marc:subfield>
        </marc:datafield>
        <marc:datafield tag="300" ind1=" " ind2=" ">
            <marc:subfield code="a">1 map :</marc:subfield>
            <marc:subfield code="b">col. ;</marc:subfield>
            <marc:subfield code="c">127 x 92 cm.</marc:subfield>
        </marc:datafield>
        <marc:datafield tag="500" ind1=" " ind2=" ">
            <marc:subfield code="a">Relief shown by hachures.</marc:subfield>
        </marc:datafield>
        <marc:datafield tag="500" ind1=" " ind2=" ">
            <marc:subfield code="a">Includes names of property owners and views of buildings.</marc:subfield>
        </marc:datafield>
        <marc:datafield tag="500" ind1=" " ind2=" ">
            <marc:subfield code="a">Inset: Plan of Dover / surveyed &amp; drawn by S. Geil.</marc:subfield>
        </marc:datafield>
        <marc:datafield tag="500" ind1=" " ind2=" ">
            <marc:subfield code="a">Wall map.</marc:subfield>
        </marc:datafield>
        <marc:datafield tag="500" ind1=" " ind2=" ">
            <marc:subfield code="a">Historic Maps copy 1 removed from original wooden roller.</marc:subfield>
            <marc:subfield code="5">NjP</marc:subfield>
        </marc:datafield>
        <marc:datafield tag="500" ind1=" " ind2=" ">
            <marc:subfield code="a">Historic Maps copy 2 has original wooden roller.</marc:subfield>
            <marc:subfield code="5">NjP</marc:subfield>
        </marc:datafield>
        <marc:datafield tag="650" ind1=" " ind2="0">
            <marc:subfield code="a">Real property</marc:subfield>
            <marc:subfield code="z">New Jersey</marc:subfield>
            <marc:subfield code="z">Morris County</marc:subfield>
            <marc:subfield code="v">Maps.</marc:subfield>
        </marc:datafield>
        <marc:datafield tag="651" ind1=" " ind2="0">
            <marc:subfield code="a">Morris County (N.J.)</marc:subfield>
            <marc:subfield code="v">Maps.</marc:subfield>
        </marc:datafield>
        <marc:datafield tag="655" ind1=" " ind2="7">
            <marc:subfield code="a">Maps</marc:subfield>
            <marc:subfield code="z">New Jersey</marc:subfield>
            <marc:subfield code="z">Morris County</marc:subfield>
            <marc:subfield code="y">1853.</marc:subfield>
            <marc:subfield code="2">aat</marc:subfield>
        </marc:datafield>
        <marc:datafield tag="655" ind1=" " ind2="7">
            <marc:subfield code="a">Wall maps</marc:subfield>
            <marc:subfield code="z">New Jersey</marc:subfield>
            <marc:subfield code="z">Morris County</marc:subfield>
            <marc:subfield code="y">1853.</marc:subfield>
            <marc:subfield code="2">local</marc:subfield>
        </marc:datafield>
        <marc:datafield tag="700" ind1="1" ind2=" ">
            <marc:subfield code="a">Geil, Samuel.</marc:subfield>
        </marc:datafield>
        <marc:datafield tag="856" ind1="4" ind2="1">
            <marc:subfield code="z">See the map (copy 2)</marc:subfield>
            <marc:subfield code="u">http://gisserver.princeton.edu/map/27379</marc:subfield>
        </marc:datafield>
        <marc:datafield tag="904" ind1=" " ind2=" ">
            <marc:subfield code="a">twm</marc:subfield>
            <marc:subfield code="b">o</marc:subfield>
            <marc:subfield code="h">m</marc:subfield>
            <marc:subfield code="c">p</marc:subfield>
            <marc:subfield code="e">20100701</marc:subfield>
        </marc:datafield>
        <marc:datafield tag="902" ind1=" " ind2=" ">
            <marc:subfield code="a">gls</marc:subfield>
            <marc:subfield code="b">m</marc:subfield>
            <marc:subfield code="6">e</marc:subfield>
            <marc:subfield code="7">m</marc:subfield>
            <marc:subfield code="d">v</marc:subfield>
            <marc:subfield code="f">1</marc:subfield>
            <marc:subfield code="e">20100812</marc:subfield>
        </marc:datafield>
    </marc:record>
    <marc:record type="Holdings">
        <marc:leader>00172cx  a22000854  4500</marc:leader>
        <marc:controlfield tag="001">6197387</marc:controlfield>
        <marc:controlfield tag="004">6170935</marc:controlfield>
        <marc:controlfield tag="005">20100812113235.0</marc:controlfield>
        <marc:controlfield tag="008">1007060p    8   1001uu   0000000</marc:controlfield>
        <marc:datafield tag="852" ind1="0" ind2=" ">
            <marc:subfield code="b">map</marc:subfield>
            <marc:subfield code="h">HMC01.6567</marc:subfield>
        </marc:datafield>
    </marc:record>
    <marc:record type="Holdings">
        <marc:leader>00175cx  a22000854  4500</marc:leader>
        <marc:controlfield tag="001">7065805</marc:controlfield>
        <marc:controlfield tag="004">6170935</marc:controlfield>
        <marc:controlfield tag="005">20121112120900.0</marc:controlfield>
        <marc:controlfield tag="008">1210174u    8   1001uu   0901128</marc:controlfield>
        <marc:datafield tag="852" ind1="0" ind2=" ">
            <marc:subfield code="b">map</marc:subfield>
            <marc:subfield code="t">2</marc:subfield>
            <marc:subfield code="h">HMC01.6816</marc:subfield>
        </marc:datafield>
    </marc:record>
    <marc:record type="Holdings">
        <marc:leader>00182nx  a22000854  4500</marc:leader>
        <marc:controlfield tag="001">7322002</marc:controlfield>
        <marc:controlfield tag="004">6170935</marc:controlfield>
        <marc:controlfield tag="005">20130514090925.0</marc:controlfield>
        <marc:controlfield tag="008">1305144u    8   1001uu   0901128</marc:controlfield>
        <marc:datafield tag="852" ind1="8" ind2=" ">
            <marc:subfield code="b">elf1</marc:subfield>
            <marc:subfield code="h">Electronic Resource</marc:subfield>
        </marc:datafield>
    </marc:record>
</marc:collection>
